 @article{Alhanbali_2019, title={Measures of Listening Effort Are Multidimensional}, volume={40}, ISSN={0196-0202}, url={http://dx.doi.org/10.1097/aud.0000000000000697}, DOI={10.1097/aud.0000000000000697}, number={5}, journal={Ear and Hearing}, publisher={Ovid Technologies (Wolters Kluwer Health)}, author={Alhanbali, Sara and Dawes, Piers and Millman, Rebecca E. and Munro, Kevin J.}, year={2019}, pages={1084–1097} }


 @article{Alho_1987, title={Brain mechanism of selective listening reflected by event-related potentials}, volume={68}, ISSN={0168-5597}, url={http://dx.doi.org/10.1016/0168-5597(87)90057-8}, DOI={10.1016/0168-5597(87)90057-8}, number={6}, journal={Electroencephalography and Clinical Neurophysiology/Evoked Potentials Section}, publisher={Elsevier BV}, author={Alho, Kimmo and Töttölä, Kimmo and Reinikainen, Kalevi and Sams, Mikko and Näätänen, Risto}, year={1987}, month=nov, pages={458–470} }


 @article{Alho_1992, title={Selective Attention in Auditory Processing as Reflected by Event‐Related Brain Potentials}, volume={29}, ISSN={1469-8986}, url={http://dx.doi.org/10.1111/j.1469-8986.1992.tb01695.x}, DOI={10.1111/j.1469-8986.1992.tb01695.x}, number={3}, journal={Psychophysiology}, publisher={Wiley}, author={Alho, Kimmo}, year={1992}, month=may, pages={247–263} }


 @article{Alho_2012, title={Attention-related modulation of auditory-cortex responses to speech sounds during dichotic listening}, volume={1442}, ISSN={0006-8993}, url={http://dx.doi.org/10.1016/j.brainres.2012.01.007}, DOI={10.1016/j.brainres.2012.01.007}, journal={Brain Research}, publisher={Elsevier BV}, author={Alho, Kimmo and Salonen, Johanna and Rinne, Teemu and Medvedev, Svyatoslav V. and Hugdahl, Kenneth and Hämäläinen, Heikki}, year={2012}, month=mar, pages={47–54} }


@article{Bates_2015,
    title = {Fitting Linear Mixed-Effects Models Using {lme4}},
    author = {Douglas Bates and Martin M{\"a}chler and Ben Bolker and
      Steve Walker},
    journal = {Journal of Statistical Software},
    year = {2015},
    volume = {67},
    number = {1},
    pages = {1--48},
    doi = {10.18637/jss.v067.i01},
  }



 @article{Bharadwaj_2014, title={Measuring auditory selective attention using frequency tagging}, volume={8}, ISSN={1662-5145}, url={http://dx.doi.org/10.3389/fnint.2014.00006}, DOI={10.3389/fnint.2014.00006}, journal={Frontiers in Integrative Neuroscience}, publisher={Frontiers Media SA}, author={Bharadwaj, Hari M. and Lee, Adrian K. C. and Shinn-Cunningham, Barbara G.}, year={2014} }


 @article{Bidelman_2015a, title={Musical Training Orchestrates Coordinated Neuroplasticity in Auditory Brainstem and Cortex to Counteract Age-Related Declines in Categorical Vowel Perception}, volume={35}, ISSN={1529-2401}, url={http://dx.doi.org/10.1523/jneurosci.3292-14.2015}, DOI={10.1523/jneurosci.3292-14.2015}, number={3}, journal={The Journal of Neuroscience}, publisher={Society for Neuroscience}, author={Bidelman, Gavin M. and Alain, Claude}, year={2015}, month=jan, pages={1240–1249} }


 @article{Bidelman_2021, title={Subcortical rather than cortical sources of the frequency-following response (FFR) relate to speech-in-noise perception in normal-hearing listeners}, volume={746}, ISSN={0304-3940}, url={http://dx.doi.org/10.1016/j.neulet.2021.135664}, DOI={10.1016/j.neulet.2021.135664}, journal={Neuroscience Letters}, publisher={Elsevier BV}, author={Bidelman, Gavin M. and Momtaz, Sara}, year={2021}, month=feb, pages={135664} }


 @article{Bidelman_2015b, title={Multichannel recordings of the human brainstem frequency-following response: Scalp topography, source generators, and distinctions from the transient ABR}, volume={323}, ISSN={0378-5955}, url={http://dx.doi.org/10.1016/j.heares.2015.01.011}, DOI={10.1016/j.heares.2015.01.011}, journal={Hearing Research}, publisher={Elsevier BV}, author={Bidelman, Gavin M.}, year={2015}, month=may, pages={68–80} }


 @article{Bidelman_2018, title={Subcortical sources dominate the neuroelectric auditory frequency-following response to speech}, volume={175}, ISSN={1053-8119}, url={http://dx.doi.org/10.1016/j.neuroimage.2018.03.060}, DOI={10.1016/j.neuroimage.2018.03.060}, journal={NeuroImage}, publisher={Elsevier BV}, author={Bidelman, Gavin M.}, year={2018}, month=jul, pages={56–69} }


 @article{Bigdely_Shamlo_2015, title={The PREP pipeline: standardized preprocessing for large-scale EEG analysis}, volume={9}, ISSN={1662-5196}, url={http://dx.doi.org/10.3389/fninf.2015.00016}, DOI={10.3389/fninf.2015.00016}, journal={Frontiers in Neuroinformatics}, publisher={Frontiers Media SA}, author={Bigdely-Shamlo, Nima and Mullen, Tim and Kothe, Christian and Su, Kyung-Min and Robbins, Kay A.}, year={2015}, month=jun }


 @article{Binder_2000, title={Human Temporal Lobe Activation by Speech and Nonspeech Sounds}, volume={10}, ISSN={1460-2199}, url={http://dx.doi.org/10.1093/cercor/10.5.512}, DOI={10.1093/cercor/10.5.512}, number={5}, journal={Cerebral Cortex}, publisher={Oxford University Press (OUP)}, author={Binder, J.R.}, year={2000}, month=may, pages={512–528} }


 @article{Bishop_2021, title={Musical and Bodily Predictors of Mental Effort in String Quartet Music: An Ecological Pupillometry Study of Performers and Listeners}, volume={12}, ISSN={1664-1078}, url={http://dx.doi.org/10.3389/fpsyg.2021.653021}, DOI={10.3389/fpsyg.2021.653021}, journal={Frontiers in Psychology}, publisher={Frontiers Media SA}, author={Bishop, Laura and Jensenius, Alexander Refsum and Laeng, Bruno}, year={2021}, month=jun }


 @article{Blank_2016, title={Prediction Errors but Not Sharpened Signals Simulate Multivoxel fMRI Patterns during Speech Perception}, volume={14}, ISSN={1545-7885}, url={http://dx.doi.org/10.1371/journal.pbio.1002577}, DOI={10.1371/journal.pbio.1002577}, number={11}, journal={PLOS Biology}, publisher={Public Library of Science (PLoS)}, author={Blank, Helen and Davis, Matthew H.}, editor={Zatorre, Robert}, year={2016}, month=nov, pages={e1002577} }


 @article{Chelazzi_1993, title={A neural basis for visual search in inferior temporal cortex}, volume={363}, ISSN={1476-4687}, url={http://dx.doi.org/10.1038/363345a0}, DOI={10.1038/363345a0}, number={6427}, journal={Nature}, publisher={Springer Science and Business Media LLC}, author={Chelazzi, Leonardo and Miller, Earl K. and Duncan, John and Desimone, Robert}, year={1993}, month=may, pages={345–347} }


 @inbook{Churchland_2016, ISBN={9780262339650}, url={http://dx.doi.org/10.7551/mitpress/11207.003.0006}, DOI={10.7551/mitpress/11207.003.0006}, author={Churchland, P. S., Sejnowski}, booktitle={The Computational Brain}, publisher={The MIT Press}, year={2016} }


 @article{Coch_2005, title={An Event-related Potential Study of Selective Auditory Attention in Children and Adults}, volume={17}, ISSN={1530-8898}, url={http://dx.doi.org/10.1162/0898929053467631}, DOI={10.1162/0898929053467631}, number={4}, journal={Journal of Cognitive Neuroscience}, publisher={MIT Press - Journals}, author={Coch, Donna and Sanders, Lisa D. and Neville, Helen J.}, year={2005}, month=apr, pages={605–622} }


 @article{Coffey_2019, title={Evolving perspectives on the sources of the frequency-following response}, volume={10}, ISSN={2041-1723}, url={http://dx.doi.org/10.1038/s41467-019-13003-w}, DOI={10.1038/s41467-019-13003-w}, number={1}, journal={Nature Communications}, publisher={Springer Science and Business Media LLC}, author={Coffey, Emily B. J. and Nicol, Trent and White-Schwoch, Travis and Chandrasekaran, Bharath and Krizman, Jennifer and Skoe, Erika and Zatorre, Robert J. and Kraus, Nina}, year={2019}, month=nov }


@article{coffey_2017,
  title={Cortical correlates of the auditory frequency-following and onset responses: EEG and fMRI evidence},
  author={Coffey, Emily BJ and Musacchia, Gabriella and Zatorre, Robert J},
  journal={Journal of Neuroscience},
  volume={37},
  number={4},
  pages={830--838},
  year={2017},
  publisher={Society for Neuroscience}
}


 @article{Coffey_2016, title={Cortical contributions to the auditory frequency-following response revealed by MEG}, volume={7}, ISSN={2041-1723}, url={http://dx.doi.org/10.1038/ncomms11070}, DOI={10.1038/ncomms11070}, number={1}, journal={Nature Communications}, publisher={Springer Science and Business Media LLC}, author={Coffey, Emily B. J. and Herholz, Sibylle C. and Chepesiuk, Alexander M. P. and Baillet, Sylvain and Zatorre, Robert J.}, year={2016}, month=mar }


 @article{Crowley_2004, title={A review of the evidence for P2 being an independent component process: age, sleep and modality}, volume={115}, ISSN={1388-2457}, url={http://dx.doi.org/10.1016/j.clinph.2003.11.021}, DOI={10.1016/j.clinph.2003.11.021}, number={4}, journal={Clinical Neurophysiology}, publisher={Elsevier BV}, author={Crowley, Kate E and Colrain, Ian M}, year={2004}, month=apr, pages={732–744} }


 @article{David_2012, title={Task reward structure shapes rapid receptive field plasticity in auditory cortex}, volume={109}, ISSN={1091-6490}, url={http://dx.doi.org/10.1073/pnas.1117717109}, DOI={10.1073/pnas.1117717109}, number={6}, journal={Proceedings of the National Academy of Sciences}, publisher={Proceedings of the National Academy of Sciences}, author={David, Stephen V. and Fritz, Jonathan B. and Shamma, Shihab A.}, year={2012}, month=jan, pages={2144–2149} }


 @article{Desimone_1995, title={Neural Mechanisms of Selective Visual Attention}, volume={18}, ISSN={1545-4126}, url={http://dx.doi.org/10.1146/annurev.ne.18.030195.001205}, DOI={10.1146/annurev.ne.18.030195.001205}, number={1}, journal={Annual Review of Neuroscience}, publisher={Annual Reviews}, author={Desimone, Robert and Duncan, John}, year={1995}, month=mar, pages={193–222} }


 @article{Dewaele_2025, title={Reward choices: experimental evidence on cognitive task performance}, ISSN={1556-5068}, url={http://dx.doi.org/10.2139/ssrn.5244883}, DOI={10.2139/ssrn.5244883}, journal={SSRN Electronic Journal}, publisher={Elsevier BV}, author={Dewaele, Liliana and Cardinaels, Eddy and Van den Abbeele, Alexandra G. H. L.}, year={2025} }


 @article{Dick_2017, title={Extensive tonotopic mapping across auditory cortex is recapitulated by spectrally-directed attention, and systematically related to cortical myeloarchitecture}, url={http://dx.doi.org/10.1101/142513}, journal={BioRxiv}, DOI={10.1101/142513}, publisher={Cold Spring Harbor Laboratory}, author={Dick, Frederic K. and Lehet, Matt I. and Callaghan, Martina F. and Keller, Tim A. and Sereno, Martin I. and Holt, Lori L.}, year={2017}, month=may }


 @article{Dien_2010, title={Separating the visual sentence N400 effect from the P400 sequential expectancy effect: Cognitive and neuroanatomical implications}, volume={1355}, ISSN={0006-8993}, url={http://dx.doi.org/10.1016/j.brainres.2010.07.099}, DOI={10.1016/j.brainres.2010.07.099}, journal={Brain Research}, publisher={Elsevier BV}, author={Dien, Joseph and Michelson, Charles A. and Franklin, Michael S.}, year={2010}, month=oct, pages={126–140} }


 @article{Ding_2014, title={Cortical entrainment to continuous speech: functional roles and interpretations}, volume={8}, ISSN={1662-5161}, url={http://dx.doi.org/10.3389/fnhum.2014.00311}, DOI={10.3389/fnhum.2014.00311}, journal={Frontiers in Human Neuroscience}, publisher={Frontiers Media SA}, author={Ding, Nai and Simon, Jonathan Z.}, year={2014}, month=may }


 @article{Doelling_2015, title={Cortical entrainment to music and its modulation by expertise}, volume={112}, ISSN={1091-6490}, url={http://dx.doi.org/10.1073/pnas.1508431112}, DOI={10.1073/pnas.1508431112}, number={45}, journal={Proceedings of the National Academy of Sciences}, publisher={Proceedings of the National Academy of Sciences}, author={Doelling, Keith B. and Poeppel, David}, year={2015}, month=oct }


 @article{Downer_2020, title={An emergent population code in primary auditory cortex supports selective attention to spectral and temporal sound features}, url={http://dx.doi.org/10.1101/2020.03.09.984773}, DOI={10.1101/2020.03.09.984773}, journal={BioRxiv}, publisher={Cold Spring Harbor Laboratory}, author={Downer, Joshua D. and Verhein, Jessica R. and Rapone, Brittany C. and O’Connor, Kevin N. and Sutter, Mitchell L.}, year={2020}, month=mar }


 @article{Endestad_2020, title={Mental Effort When Playing, Listening, and Imagining Music in One Pianist’s Eyes and Brain}, volume={14}, ISSN={1662-5161}, url={http://dx.doi.org/10.3389/fnhum.2020.576888}, DOI={10.3389/fnhum.2020.576888}, journal={Frontiers in Human Neuroscience}, publisher={Frontiers Media SA}, author={Endestad, Tor and Godøy, Rolf Inge and Sneve, Markus Handal and Hagen, Thomas and Bochynska, Agata and Laeng, Bruno}, year={2020}, month=oct }


 @article{Engelmann_2009, title={Combined effects of attention and motivation on visual task performance: Transient and sustained motivational effects}, volume={3}, ISSN={1662-5161}, url={http://dx.doi.org/10.3389/neuro.09.004.2009}, DOI={10.3389/neuro.09.004.2009}, journal={Frontiers in Human Neuroscience}, publisher={Frontiers Media SA}, author={Engelmann, Jan B.}, year={2009} }


 @article{Folstein_2007, title={Influence of cognitive control and mismatch on the N2 component of the ERP: A review}, volume={45}, ISSN={1469-8986}, url={http://dx.doi.org/10.1111/j.1469-8986.2007.00602.x}, DOI={10.1111/j.1469-8986.2007.00602.x}, number={1}, journal={Psychophysiology}, publisher={Wiley}, author={Folstein, Jonathan R. and Van Petten, Cyma}, year={2007}, month=sep, pages={152–170} }


 @article{Friston_1996, title={The Trouble with Cognitive Subtraction}, volume={4}, ISSN={1053-8119}, url={http://dx.doi.org/10.1006/nimg.1996.0033}, DOI={10.1006/nimg.1996.0033}, number={2}, journal={NeuroImage}, publisher={Elsevier BV}, author={Friston, K.J. and Price, C.J. and Fletcher, P. and Moore, C. and Frackowiak, R.S.J. and Dolan, R.J.}, year={1996}, month=oct, pages={97–104} }


 @article{Rosenthal_1963, title={Extension of single-factor nerve excitation theory to cortical responses}, volume={8}, ISSN={0014-4886}, url={http://dx.doi.org/10.1016/0014-4886(63)90039-6}, DOI={10.1016/0014-4886(63)90039-6}, number={2}, journal={Experimental Neurology}, publisher={Elsevier BV}, author={Rosenthal, Fred}, year={1963}, month=aug, pages={125–131} }


 @misc{Theunissen_2003, title={Faculty Opinions recommendation of Rapid task-related plasticity of spectrotemporal receptive fields in primary auditory cortex.}, url={http://dx.doi.org/10.3410/f.1016670.201144}, DOI={10.3410/f.1016670.201144}, journal={Faculty Opinions – Post-Publication Peer Review of the Biomedical Literature}, publisher={H1 Connect}, author={Theunissen, Frederic}, year={2003}, month=dec }


 @article{Fritz_2007, title={Auditory attention—focusing the searchlight on sound}, volume={17}, ISSN={0959-4388}, url={http://dx.doi.org/10.1016/j.conb.2007.07.011}, DOI={10.1016/j.conb.2007.07.011}, number={4}, journal={Current Opinion in Neurobiology}, publisher={Elsevier BV}, author={Fritz, Jonathan B and Elhilali, Mounya and David, Stephen V and Shamma, Shihab A}, year={2007}, month=aug, pages={437–455} }


 @article{Gagn__2017, title={Behavioral Assessment of Listening Effort Using a Dual-Task Paradigm: A Review}, volume={21}, ISSN={2331-2165}, url={http://dx.doi.org/10.1177/2331216516687287}, DOI={10.1177/2331216516687287}, journal={Trends in Hearing}, publisher={SAGE Publications}, author={Gagné, Jean-Pierre and Besser, Jana and Lemke, Ulrike}, year={2017}, month=jan }


 @article{Galbraith_1993a, title={Selective attention and brainstem frequency-following responses}, volume={37}, ISSN={0301-0511}, url={http://dx.doi.org/10.1016/0301-0511(93)90024-3}, DOI={10.1016/0301-0511(93)90024-3}, number={1}, journal={Biological Psychology}, publisher={Elsevier BV}, author={Galbraith, Gary C. and Arroyo, Christofer}, year={1993}, month=oct, pages={3–22} }


 @article{Galbraith_1995, title={Brainstem frequency-following and behavioral responses during selective attention to pure tone and missing fundamental stimuli}, volume={19}, ISSN={0167-8760}, url={http://dx.doi.org/10.1016/0167-8760(95)00008-g}, DOI={10.1016/0167-8760(95)00008-g}, number={3}, journal={International Journal of Psychophysiology}, publisher={Elsevier BV}, author={Galbraith, Gary C. and Doan, Bao Q.}, year={1995}, month=apr, pages={203–214} }

 @article{Galbraith_1993b, title={Brainstem Frequency-Following Responses and Cortical Event-Related Potentials during Attention}, volume={76}, ISSN={1558-688X}, url={http://dx.doi.org/10.2466/pms.1993.76.3c.1231}, DOI={10.2466/pms.1993.76.3c.1231}, journal={Perceptual and Motor Skills}, publisher={SAGE Publications}, author={Galbraith, Gary C. and Kane, John M.}, year={1993}, month=jun, pages={1231–1241} }


 @article{Galbraith_2003, title={Selective attention affects human brain stem frequency-following response}, volume={14}, ISSN={0959-4965}, url={http://dx.doi.org/10.1097/00001756-200304150-00015}, DOI={10.1097/00001756-200304150-00015}, number={5}, journal={NeuroReport}, publisher={Ovid Technologies (Wolters Kluwer Health)}, author={Galbraith, Gary C. and Olfman, Darlene M. and Huffman, Todd M.}, year={2003}, month=apr, pages={735–738} }


 @article{Galbraith_1990, title={Cross-correlation and latency compensation analysis of click-evoked and frequency-following brain-stem responses in man}, volume={77}, ISSN={0168-5597}, url={http://dx.doi.org/10.1016/0168-5597(90)90068-o}, DOI={10.1016/0168-5597(90)90068-o}, number={4}, journal={Electroencephalography and Clinical Neurophysiology/Evoked Potentials Section}, publisher={Elsevier BV}, author={Galbraith, Gary C. and Brown, Warren S.}, year={1990}, month=jul, pages={295–308} }


 @article{Galbraith_1998, title={Brain stem frequency-following response to dichotic vowels during attention}, volume={9}, ISSN={0959-4965}, url={http://dx.doi.org/10.1097/00001756-199806010-00041}, DOI={10.1097/00001756-199806010-00041}, number={8}, journal={NeuroReport}, publisher={Ovid Technologies (Wolters Kluwer Health)}, author={Galbraith, Gary C. and Bhuta, Sunil M. and Choate, Abigail K. and Kitahara, Jennifer M. and Mullen, Thomas A.}, year={1998}, month=jun, pages={1889–1893} }


 @article{Gaser_2003, title={Brain Structures Differ between Musicians and Non-Musicians}, volume={23}, ISSN={1529-2401}, url={http://dx.doi.org/10.1523/jneurosci.23-27-09240.2003}, DOI={10.1523/jneurosci.23-27-09240.2003}, number={27}, journal={The Journal of Neuroscience}, publisher={Society for Neuroscience}, author={Gaser, Christian and Schlaug, Gottfried}, year={2003}, month=oct, pages={9240–9245} }


 @article{Gauthier_1998, title={Training ‘greeble’ experts: a framework for studying expert object recognition processes}, volume={38}, ISSN={0042-6989}, url={http://dx.doi.org/10.1016/s0042-6989(97)00442-2}, DOI={10.1016/s0042-6989(97)00442-2}, number={15–16}, journal={Vision Research}, publisher={Elsevier BV}, author={Gauthier, Isabel and Williams, Pepper and Tarr, Michael J. and Tanaka, James}, year={1998}, month=aug, pages={2401–2428} }


 @inbook{Gauthier_2002, title={Expertise for Cars and Birds Recruits Brain Areas Involved in Face Recognition}, ISBN={9780262269674}, url={http://dx.doi.org/10.7551/mitpress/3077.003.0022}, DOI={10.7551/mitpress/3077.003.0022}, booktitle={Foundations in Social Neuroscience}, publisher={The MIT Press}, author={Gauthier, Isabel and Skudlarski, Pawel and Gore, John C. and Anderson, Adam W.}, year={2002}, month=sep, pages={277–292} }


 @article{Goh_2014, title={Evaluation of Attentional Demands During Motor Learning: Validity of a Dual-Task Probe Paradigm}, volume={46}, ISSN={1940-1027}, url={http://dx.doi.org/10.1080/00222895.2013.868337}, DOI={10.1080/00222895.2013.868337}, number={2}, journal={Journal of Motor Behavior}, publisher={Informa UK Limited}, author={Goh, Hui-Ting and Gordon, James and Sullivan, Katherine J. and Winstein, Carolee J.}, year={2014}, month=jan, pages={95–105} }


 @article{Golestani_2004, title={Learning new sounds of speech: reallocation of neural substrates}, volume={21}, ISSN={1053-8119}, url={http://dx.doi.org/10.1016/j.neuroimage.2003.09.071}, DOI={10.1016/j.neuroimage.2003.09.071}, number={2}, journal={NeuroImage}, publisher={Elsevier BV}, author={Golestani, Narly and Zatorre, Robert J}, year={2004}, month=feb, pages={494–506} }


 @article{Gorina_Careta_2021, title={Neural generators of the frequency-following response elicited to stimuli of low and high frequency: A magnetoencephalographic (MEG) study}, volume={231}, ISSN={1053-8119}, url={http://dx.doi.org/10.1016/j.neuroimage.2021.117866}, DOI={10.1016/j.neuroimage.2021.117866}, journal={NeuroImage}, publisher={Elsevier BV}, author={Gorina-Careta, Natàlia and Kurkela, Jari L.O. and Hämäläinen, Jarmo and Astikainen, Piia and Escera, Carles}, year={2021}, month=may, pages={117866} }


 @article{Gramfort_2013, title={MEG and EEG data analysis with MNE-Python}, volume={7}, ISSN={1662-453X}, url={http://dx.doi.org/10.3389/fnins.2013.00267}, DOI={10.3389/fnins.2013.00267}, journal={Frontiers in Neuroscience}, publisher={Frontiers Media SA}, author={Gramfort, Alexandre}, year={2013} }


 @article{Gross_2013, title={Speech Rhythms and Multiplexed Oscillatory Sensory Coding in the Human Brain}, volume={11}, ISSN={1545-7885}, url={http://dx.doi.org/10.1371/journal.pbio.1001752}, DOI={10.1371/journal.pbio.1001752}, number={12}, journal={PLoS Biology}, publisher={Public Library of Science (PLoS)}, author={Gross, Joachim and Hoogenboom, Nienke and Thut, Gregor and Schyns, Philippe and Panzeri, Stefano and Belin, Pascal and Garrod, Simon}, editor={Poeppel, David}, year={2013}, month=dec, pages={e1001752} }


 @article{Hairston_2013, title={Task-Related Suppression of the Brainstem Frequency following Response}, volume={8}, ISSN={1932-6203}, url={http://dx.doi.org/10.1371/journal.pone.0055215}, DOI={10.1371/journal.pone.0055215}, number={2}, journal={PLoS ONE}, publisher={Public Library of Science (PLoS)}, author={Hairston, W. David and Letowski, Tomasz R. and McDowell, Kaleb}, editor={Nerurkar, Pratibha V.}, year={2013}, month=feb, pages={e55215} }


 @article{Hill_2009, title={Auditory Attentional Control and Selection during Cocktail Party Listening}, volume={20}, ISSN={1460-2199}, url={http://dx.doi.org/10.1093/cercor/bhp124}, DOI={10.1093/cercor/bhp124}, number={3}, journal={Cerebral Cortex}, publisher={Oxford University Press (OUP)}, author={Hill, K. T. and Miller, L. M.}, year={2009}, month=jul, pages={583–590} }


 @article{Hillyard_1973, title={Electrical Signs of Selective Attention in the Human Brain}, volume={182}, ISSN={1095-9203}, url={http://dx.doi.org/10.1126/science.182.4108.177}, DOI={10.1126/science.182.4108.177}, number={4108}, journal={Science}, publisher={American Association for the Advancement of Science (AAAS)}, author={Hillyard, Steven A. and Hink, Robert F. and Schwent, Vincent L. and Picton, Terence W.}, year={1973}, month=oct, pages={177–180} }


 @misc{Taylor_1996, title={Development of early visual selective attention processes studied with event-related brain potentials: (526132012-064)}, url={http://dx.doi.org/10.1037/e526132012-064}, DOI={10.1037/e526132012-064}, journal={PsycEXTRA Dataset}, publisher={American Psychological Association (APA)}, author={Taylor, Margot J.}, year={1996} }


 @article{Holmes_2017, title={Attentional Modulation of Envelope-Following Responses at Lower (93–109 Hz) but Not Higher (217–233 Hz) Modulation Rates}, volume={19}, ISSN={1438-7573}, url={http://dx.doi.org/10.1007/s10162-017-0641-9}, DOI={10.1007/s10162-017-0641-9}, number={1}, journal={Journal of the Association for Research in Otolaryngology}, publisher={Springer Science and Business Media LLC}, author={Holmes, Emma and Purcell, David W. and Carlyon, Robert P. and Gockel, Hedwig E. and Johnsrude, Ingrid S.}, year={2017}, month=oct, pages={83–97} }


 @article{Holt_2008, title={Speech Perception Within an Auditory Cognitive Science Framework}, volume={17}, ISSN={1467-8721}, url={http://dx.doi.org/10.1111/j.1467-8721.2008.00545.x}, DOI={10.1111/j.1467-8721.2008.00545.x}, number={1}, journal={Current Directions in Psychological Science}, publisher={SAGE Publications}, author={Holt, Lori L. and Lotto, Andrew J.}, year={2008}, month=feb, pages={42–46} }


 @article{Holt_2018, title={Dimension-selective attention as a possible driver of dynamic, context-dependent re-weighting in speech processing}, volume={366}, ISSN={0378-5955}, url={http://dx.doi.org/10.1016/j.heares.2018.06.014}, DOI={10.1016/j.heares.2018.06.014}, journal={Hearing Research}, publisher={Elsevier BV}, author={Holt, Lori L. and Tierney, Adam T. and Guerra, Giada and Laffere, Aeron and Dick, Frederic}, year={2018}, month=sep, pages={50–64} }


 @article{Hoormann_2000, title={Early attention effects in human auditory‐evoked potentials}, volume={37}, ISSN={1469-8986}, url={http://dx.doi.org/10.1111/1469-8986.3710029}, DOI={10.1111/1469-8986.3710029}, number={1}, journal={Psychophysiology}, publisher={Wiley}, author={Hoormann, Jörg and Falkenstein, Michael and Hohnsbein, Joachim}, year={2000}, month=jan, pages={29–42} }


 @article{Hoormann_1994, title={Effect of selective attention on the latency of human frequency-following potentials}, volume={5}, ISSN={0959-4965}, url={http://dx.doi.org/10.1097/00001756-199408150-00017}, DOI={10.1097/00001756-199408150-00017}, number={13}, journal={NeuroReport}, publisher={Ovid Technologies (Wolters Kluwer Health)}, author={Hoormann, Jörg and Falkenstein, Michael and Hohnsbein, Joachim}, year={1994}, month=aug, pages={1609–1612} }


 @article{Hoormann_2004, title={Effects of spatial attention on the brain stem frequency-following potential}, volume={15}, ISSN={0959-4965}, url={http://dx.doi.org/10.1097/01.wnr.0000134932.89313.3b}, DOI={10.1097/01.wnr.0000134932.89313.3b}, number={10}, journal={NeuroReport}, publisher={Ovid Technologies (Wolters Kluwer Health)}, author={Hoormann, Jörg and Falkenstein, Michael and Hohnsbein, Joachim}, year={2004}, month=jul, pages={1539–1542} }


 @article{Idemaru_2020, title={Generalization of dimension-based statistical learning}, volume={82}, ISSN={1943-393X}, url={http://dx.doi.org/10.3758/s13414-019-01956-5}, DOI={10.3758/s13414-019-01956-5}, number={4}, journal={Attention, Perception, &amp; Psychophysics}, publisher={Springer Science and Business Media LLC}, author={Idemaru, Kaori and Holt, Lori L.}, year={2020}, month=jan, pages={1744–1762} }


 @article{Jaramillo_2001, title={Phylogeny and patterns of floral diversity in the genus Piper (Piperaceae)}, volume={88}, ISSN={1537-2197}, url={http://dx.doi.org/10.2307/2657072}, DOI={10.2307/2657072}, number={4}, journal={American Journal of Botany}, publisher={Wiley}, author={Jaramillo, M. Alejandra and Manos, Paul S.}, year={2001}, month=apr, pages={706–716} }


 @article{Jeng_2011, title={Cross-Linguistic Comparison of Frequency-Following Responses to Voice Pitch in American and Chinese Neonates and Adults}, volume={32}, ISSN={0196-0202}, url={http://dx.doi.org/10.1097/aud.0b013e31821cc0df}, DOI={10.1097/aud.0b013e31821cc0df}, number={6}, journal={Ear &amp; Hearing}, publisher={Ovid Technologies (Wolters Kluwer Health)}, author={Jeng, Fuh-Cherng and Hu, Jiong and Dickman, Brenda and Montgomery-Reagan, Karen and Tong, Meiling and Wu, Guangqiang and Lin, Chia-Der}, year={2011}, month=nov, pages={699–707} }


 @article{JENTZSCH_2001, title={Sequence-sensitive subcomponents of P300: Topographical analyses and dipole source localization}, volume={38}, ISSN={0048-5772}, url={http://dx.doi.org/10.1017/s0048577201000531}, DOI={10.1017/s0048577201000531}, number={4}, journal={Psychophysiology}, publisher={Wiley}, author={JENTZSCH, INES and SOMMER, WERNER}, year={2001}, month=jul, pages={607–621} }


@article{joris2004neural,
  title={Neural processing of amplitude-modulated sounds},
  author={Joris, Philip X and Schreiner, Christoph E and Rees, Adrian},
  journal={Physiological reviews},
  volume={84},
  number={2},
  pages={541--577},
  year={2004},
  publisher={American Physiological Society}
}


 @article{Kastner_2001, title={The neural basis of biased competition in human visual cortex}, volume={39}, ISSN={0028-3932}, url={http://dx.doi.org/10.1016/s0028-3932(01)00116-6}, DOI={10.1016/s0028-3932(01)00116-6}, number={12}, journal={Neuropsychologia}, publisher={Elsevier BV}, author={Kastner, Sabine and Ungerleider, Leslie G}, year={2001}, month=jan, pages={1263–1276} }


 @article{Key_2005, title={Linking Brainwaves to the Brain: An ERP Primer}, volume={27}, ISSN={1532-6942}, url={http://dx.doi.org/10.1207/s15326942dn2702_1}, DOI={10.1207/s15326942dn2702_1}, number={2}, journal={Developmental Neuropsychology}, publisher={Informa UK Limited}, author={Key, Alexandra P. Fonaryova and Dove, Guy O. and Maguire, Mandy J.}, year={2005}, month=apr, pages={183–215} }


 @article{King_2016, title={Differential Group Delay of the Frequency Following Response Measured Vertically and Horizontally}, volume={17}, ISSN={1438-7573}, url={http://dx.doi.org/10.1007/s10162-016-0556-x}, DOI={10.1007/s10162-016-0556-x}, number={2}, journal={Journal of the Association for Research in Otolaryngology}, publisher={Springer Science and Business Media LLC}, author={King, Andrew and Hopkins, Kathryn and Plack, Christopher J.}, year={2016}, month=feb, pages={133–143} }


 @article{Kramer_1997, title={Assessing Aspects of Auditory Handicap by Means of Pupil Dilatation}, volume={36}, ISSN={1708-8186}, url={http://dx.doi.org/10.3109/00206099709071969}, DOI={10.3109/00206099709071969}, number={3}, journal={International Journal of Audiology}, publisher={Informa UK Limited}, author={Kramer, Sophia E. and Kapteyn, Theo S. and Festen, Joost M. and Kuik, Dirk J.}, year={1997}, month=jan, pages={155–164} }


 @article{Krishnan_2005, title={Encoding of pitch in the human brainstem is sensitive to language experience}, volume={25}, ISSN={0926-6410}, url={http://dx.doi.org/10.1016/j.cogbrainres.2005.05.004}, DOI={10.1016/j.cogbrainres.2005.05.004}, number={1}, journal={Cognitive Brain Research}, publisher={Elsevier BV}, author={Krishnan, Ananthanarayan and Xu, Yisheng and Gandour, Jackson and Cariani, Peter}, year={2005}, month=sep, pages={161–168} }


 @inbook{Kraus_2017, title={The Frequency-Following Response: A Window into Human Communication}, ISBN={9783319479446}, ISSN={2197-1897}, url={http://dx.doi.org/10.1007/978-3-319-47944-6_1}, DOI={10.1007/978-3-319-47944-6_1}, booktitle={The Frequency-Following Response}, publisher={Springer International Publishing}, author={Kraus, Nina and Anderson, Samira and White-Schwoch, Travis}, year={2017}, pages={1–15} }


 @article{Krizman_2012, title={Subcortical encoding of sound is enhanced in bilinguals and relates to executive function advantages}, volume={109}, ISSN={1091-6490}, url={http://dx.doi.org/10.1073/pnas.1201575109}, DOI={10.1073/pnas.1201575109}, number={20}, journal={Proceedings of the National Academy of Sciences}, publisher={Proceedings of the National Academy of Sciences}, author={Krizman, Jennifer and Marian, Viorica and Shook, Anthony and Skoe, Erika and Kraus, Nina}, year={2012}, month=apr, pages={7877–7881} }


 @article{Krizman_2014, title={Bilingualism increases neural response consistency and attentional control: Evidence for sensory and cognitive coupling}, volume={128}, ISSN={0093-934X}, url={http://dx.doi.org/10.1016/j.bandl.2013.11.006}, DOI={10.1016/j.bandl.2013.11.006}, number={1}, journal={Brain and Language}, publisher={Elsevier BV}, author={Krizman, Jennifer and Skoe, Erika and Marian, Viorica and Kraus, Nina}, year={2014}, month=jan, pages={34–40} }


 @article{Krizman_2015, title={Neural processing of speech in children is influenced by extent of bilingual experience}, volume={585}, ISSN={0304-3940}, url={http://dx.doi.org/10.1016/j.neulet.2014.11.011}, DOI={10.1016/j.neulet.2014.11.011}, journal={Neuroscience Letters}, publisher={Elsevier BV}, author={Krizman, Jennifer and Slater, Jessica and Skoe, Erika and Marian, Viorica and Kraus, Nina}, year={2015}, month=jan, pages={48–53} }


 @article{Lachaux_1999, title={Measuring phase synchrony in brain signals}, volume={8}, ISSN={1097-0193}, url={http://dx.doi.org/10.1002/(sici)1097-0193(1999)8:4<194::aid-hbm4>3.0.co;2-c}, DOI={10.1002/(sici)1097-0193(1999)8:4<194::aid-hbm4>3.0.co;2-c}, number={4}, journal={Human Brain Mapping}, publisher={Wiley}, author={Lachaux, Jean-Philippe and Rodriguez, Eugenio and Martinerie, Jacques and Varela, Francisco J.}, year={1999}, pages={194–208} }


 @article{Lakatos_2019, title={A New Unifying Account of the Roles of Neuronal Entrainment}, volume={29}, ISSN={0960-9822}, url={http://dx.doi.org/10.1016/j.cub.2019.07.075}, DOI={10.1016/j.cub.2019.07.075}, number={18}, journal={Current Biology}, publisher={Elsevier BV}, author={Lakatos, Peter and Gross, Joachim and Thut, Gregor}, year={2019}, month=sep, pages={R890–R905} }


 @article{Lange_2009, title={Brain correlates of early auditory processing are attenuated by expectations for time and pitch}, volume={69}, ISSN={0278-2626}, url={http://dx.doi.org/10.1016/j.bandc.2008.06.004}, DOI={10.1016/j.bandc.2008.06.004}, number={1}, journal={Brain and Cognition}, publisher={Elsevier BV}, author={Lange, Kathrin}, year={2009}, month=feb, pages={127–137} }


 @article{Large_1999, title={The dynamics of attending: How people track time-varying events.}, volume={106}, ISSN={0033-295X}, url={http://dx.doi.org/10.1037/0033-295X.106.1.119}, DOI={10.1037/0033-295x.106.1.119}, number={1}, journal={Psychological Review}, publisher={American Psychological Association (APA)}, author={Large, Edward W. and Jones, Mari Riess}, year={1999}, month=jan, pages={119–159} }


 @article{Lehmann_2014, title={Selective Attention Modulates Human Auditory Brainstem Responses: Relative Contributions of Frequency and Spatial Cues}, volume={9}, ISSN={1932-6203}, url={http://dx.doi.org/10.1371/journal.pone.0085442}, DOI={10.1371/journal.pone.0085442}, number={1}, journal={PLoS ONE}, publisher={Public Library of Science (PLoS)}, author={Lehmann, Alexandre and Schönwiesner, Marc}, editor={Ahveninen, Jyrki}, year={2014}, month=jan, pages={e85442} }


@article{Lenth_2025,
    title = {emmeans: Estimated Marginal Means, aka Least-Squares Means},
    author = {Russell V. Lenth},
    year = {2025},
    journal = {},
    note = {R package version 1.11.2},
    url = {https://CRAN.R-project.org/package=emmeans},
  }


 @article{Lerud_2023, title={A high-density EEG and structural MRI source analysis of the frequency following response to missing fundamental stimuli reveals subcortical and cortical activation to low and high frequency stimuli}, volume={279}, ISSN={1053-8119}, url={http://dx.doi.org/10.1016/j.neuroimage.2023.120330}, DOI={10.1016/j.neuroimage.2023.120330}, journal={NeuroImage}, publisher={Elsevier BV}, author={Lerud, Karl D. and Hancock, Roeland and Skoe, Erika}, year={2023}, month=oct, pages={120330} }


 @article{Li_1993, title={The representation of stimulus familiarity in anterior inferior temporal cortex}, volume={69}, ISSN={1522-1598}, url={http://dx.doi.org/10.1152/jn.1993.69.6.1918}, DOI={10.1152/jn.1993.69.6.1918}, number={6}, journal={Journal of Neurophysiology}, publisher={American Physiological Society}, author={Li, L. and Miller, E. K. and Desimone, R.}, year={1993}, month=jun, pages={1918–1929} }


 @article{Luck_1994, title={Spatial filtering during visual search: Evidence from human electrophysiology.}, volume={20}, ISSN={0096-1523}, url={http://dx.doi.org/10.1037/0096-1523.20.5.1000}, DOI={10.1037/0096-1523.20.5.1000}, number={5}, journal={Journal of Experimental Psychology: Human Perception and Performance}, publisher={American Psychological Association (APA)}, author={Luck, Steven J. and Hillyard, Steven A.}, year={1994}, pages={1000–1014} }


 @book{Luck_2011, title={ERP Components and Selective Attention}, url={http://dx.doi.org/10.1093/oxfordhb/9780195374148.013.0144}, DOI={10.1093/oxfordhb/9780195374148.013.0144}, journal={Oxford Handbooks Online}, publisher={Oxford University Press}, author={Luck, Steven J. and Kappenman, Emily S.}, year={2011}, month=dec }


 @article{Luo_2007, title={Phase Patterns of Neuronal Responses Reliably Discriminate Speech in Human Auditory Cortex}, volume={54}, ISSN={0896-6273}, url={http://dx.doi.org/10.1016/j.neuron.2007.06.004}, DOI={10.1016/j.neuron.2007.06.004}, number={6}, journal={Neuron}, publisher={Elsevier BV}, author={Luo, Huan and Poeppel, David}, year={2007}, month=jun, pages={1001–1010} }


 @article{Jas_2017, title={Autoreject: Automated artifact rejection for MEG and EEG data}, volume={159}, ISSN={1053-8119}, url={http://dx.doi.org/10.1016/j.neuroimage.2017.06.030}, DOI={10.1016/j.neuroimage.2017.06.030}, journal={NeuroImage}, publisher={Elsevier BV}, author={Jas, Mainak and Engemann, Denis A. and Bekhti, Yousra and Raimondo, Federico and Gramfort, Alexandre}, year={2017}, month=oct, pages={417–429} }


 @article{McAdams_1999, title={Effects of Attention on Orientation-Tuning Functions of Single Neurons in Macaque Cortical Area V4}, volume={19}, ISSN={1529-2401}, url={http://dx.doi.org/10.1523/jneurosci.19-01-00431.1999}, DOI={10.1523/jneurosci.19-01-00431.1999}, number={1}, journal={The Journal of Neuroscience}, publisher={Society for Neuroscience}, author={McAdams, Carrie J. and Maunsell, John H. R.}, year={1999}, month=jan, pages={431–441} }


 @article{Mireille_2010, title={The musician brain as an excellent model of brain plasticity}, volume={4}, ISSN={1662-453X}, url={http://dx.doi.org/10.3389/conf.fnins.2010.12.00038}, DOI={10.3389/conf.fnins.2010.12.00038}, journal={Frontiers in Neuroscience}, publisher={Frontiers Media SA}, author={Mireille, Besson}, year={2010} }


 @article{Musacchia_2008, title={Relationships between behavior, brainstem and cortical encoding of seen and heard speech in musicians and non-musicians}, volume={241}, ISSN={0378-5955}, url={http://dx.doi.org/10.1016/j.heares.2008.04.013}, DOI={10.1016/j.heares.2008.04.013}, number={1–2}, journal={Hearing Research}, publisher={Elsevier BV}, author={Musacchia, Gabriella and Strait, Dana and Kraus, Nina}, year={2008}, month=jul, pages={34–42} }


 @article{N_t_nen_1999, title={The concept of auditory stimulus representation in cognitive neuroscience.}, volume={125}, ISSN={0033-2909}, url={http://dx.doi.org/10.1037/0033-2909.125.6.826}, DOI={10.1037/0033-2909.125.6.826}, number={6}, journal={Psychological Bulletin}, publisher={American Psychological Association (APA)}, author={Näätänen, Risto and Winkler, István}, year={1999}, pages={826–859} }


 @article{N_t_nen_1978, title={Early selective-attention effect on evoked potential reinterpreted}, volume={42}, ISSN={0001-6918}, url={http://dx.doi.org/10.1016/0001-6918(78)90006-9}, DOI={10.1016/0001-6918(78)90006-9}, number={4}, journal={Acta Psychologica}, publisher={Elsevier BV}, author={Näätänen, R. and Gaillard, A.W.K. and Mäntysalo, S.}, year={1978}, month=jul, pages={313–329} }


 @article{N_tanen_1992, title={Auditory attention and selective input modulation: A topographical ERP study}, volume={3}, ISSN={0959-4965}, url={http://dx.doi.org/10.1097/00001756-199206000-00009}, DOI={10.1097/00001756-199206000-00009}, number={6}, journal={NeuroReport}, publisher={Ovid Technologies (Wolters Kluwer Health)}, author={Näätanen, Risto and Teder, Wolfgang and Alho, Kimmo and Lavikainen, Juha}, year={1992}, month=jun, pages={493–496} }


 @article{N_t_nen_1990, title={The role of attention in auditory information processing as revealed by event-related potentials and other brain measures of cognitive function}, volume={13}, ISSN={1469-1825}, url={http://dx.doi.org/10.1017/s0140525x00078407}, DOI={10.1017/s0140525x00078407}, number={2}, journal={Behavioral and Brain Sciences}, publisher={Cambridge University Press (CUP)}, author={Näätänen, Risto}, year={1990}, month=jun, pages={201–233} }


 @article{Nieuwenhuis_2003, title={Electrophysiological correlates of anterior cingulate function in a go/no-go task: Effects of response conflict and trial type frequency}, volume={3}, ISSN={1531-135X}, url={http://dx.doi.org/10.3758/cabn.3.1.17}, DOI={10.3758/cabn.3.1.17}, number={1}, journal={Cognitive, Affective, &amp; Behavioral Neuroscience}, publisher={Springer Science and Business Media LLC}, author={Nieuwenhuis, Sander and Yeung, Nick and van den Wildenberg, Wery and Ridderinkhof, K. Richard}, year={2003}, month=mar, pages={17–26} }


 @article{Obleser_2019, title={Neural Entrainment and Attentional Selection in the Listening Brain}, volume={23}, ISSN={1364-6613}, url={http://dx.doi.org/10.1016/j.tics.2019.08.004}, DOI={10.1016/j.tics.2019.08.004}, number={11}, journal={Trends in Cognitive Sciences}, publisher={Elsevier BV}, author={Obleser, Jonas and Kayser, Christoph}, year={2019}, month=nov, pages={913–926} }


 @article{O_Craven_1999, title={fMRI evidence for objects as the units of attentional selection}, volume={401}, ISSN={1476-4687}, url={http://dx.doi.org/10.1038/44134}, DOI={10.1038/44134}, number={6753}, journal={Nature}, publisher={Springer Science and Business Media LLC}, author={O’Craven, Kathleen M. and Downing, Paul E. and Kanwisher, Nancy}, year={1999}, month=oct, pages={584–587} }


@article{oxenham2013revisiting,
  title={Revisiting place and temporal theories of pitch},
  author={Oxenham, Andrew J},
  journal={Acoustical science and technology},
  volume={34},
  number={6},
  pages={388--396},
  year={2013},
  publisher={Acoustical Society of Japan}
}


 @article{Paltoglou_2009, title={Examining the role of frequency specificity in the enhancement and suppression of human cortical activity by auditory selective attention}, volume={257}, ISSN={0378-5955}, url={http://dx.doi.org/10.1016/j.heares.2009.08.007}, DOI={10.1016/j.heares.2009.08.007}, number={1–2}, journal={Hearing Research}, publisher={Elsevier BV}, author={Paltoglou, Aspasia E. and Sumner, Christian J. and Hall, Deborah A.}, year={2009}, month=nov, pages={106–118} }


 @article{Pantev_1998, title={Increased auditory cortical representation in musicians}, volume={392}, ISSN={1476-4687}, url={http://dx.doi.org/10.1038/33918}, DOI={10.1038/33918}, number={6678}, journal={Nature}, publisher={Springer Science and Business Media LLC}, author={Pantev, Christo and Oostenveld, Robert and Engelien, Almut and Ross, Bernhard and Roberts, Larry E. and Hoke, Manfried}, year={1998}, month=apr, pages={811–814} }


 @article{Parbery_Clark_2009, title={Musical Experience Limits the Degradative Effects of Background Noise on the Neural Processing of Sound}, volume={29}, ISSN={1529-2401}, url={http://dx.doi.org/10.1523/jneurosci.3256-09.2009}, DOI={10.1523/jneurosci.3256-09.2009}, number={45}, journal={The Journal of Neuroscience}, publisher={Society for Neuroscience}, author={Parbery-Clark, Alexandra and Skoe, Erika and Kraus, Nina}, year={2009}, month=nov, pages={14100–14107} }


 @article{Peelle_2018, title={Listening Effort: How the Cognitive Consequences of Acoustic Challenge Are Reflected in Brain and Behavior}, volume={39}, ISSN={0196-0202}, url={http://dx.doi.org/10.1097/aud.0000000000000494}, DOI={10.1097/aud.0000000000000494}, number={2}, journal={Ear &amp; Hearing}, publisher={Ovid Technologies (Wolters Kluwer Health)}, author={Peelle, Jonathan E.}, year={2018}, month=mar, pages={204–214} }


 @article{Phillips_2016, title={The Implications of Cognitive Aging for Listening and the Framework for Understanding Effortful Listening (FUEL)}, volume={37}, ISSN={0196-0202}, url={http://dx.doi.org/10.1097/aud.0000000000000309}, DOI={10.1097/aud.0000000000000309}, number={1}, journal={Ear &amp; Hearing}, publisher={Ovid Technologies (Wolters Kluwer Health)}, author={Phillips, Natalie A.}, year={2016}, month=jul, pages={44S-51S} }


 @article{Peirce_2019, title={PsychoPy2: Experiments in behavior made easy}, volume={51}, ISSN={1554-3528}, url={http://dx.doi.org/10.3758/s13428-018-01193-y}, DOI={10.3758/s13428-018-01193-y}, number={1}, journal={Behavior Research Methods}, publisher={Springer Science and Business Media LLC}, author={Peirce, Jonathan and Gray, Jeremy R. and Simpson, Sol and MacAskill, Michael and Höchenberger, Richard and Sogo, Hiroyuki and Kastman, Erik and Lindeløv, Jonas Kristoffer}, year={2019}, month=feb, pages={195–203} }


 @article{Polich_2007, title={Updating P300: An integrative theory of P3a and P3b}, volume={118}, ISSN={1388-2457}, url={http://dx.doi.org/10.1016/j.clinph.2007.04.019}, DOI={10.1016/j.clinph.2007.04.019}, number={10}, journal={Clinical Neurophysiology}, publisher={Elsevier BV}, author={Polich, John}, year={2007}, month=oct, pages={2128–2148} }


 @inbook{Li_2002, title={Pop-Out Theory: Segmentation Without Classification by the Primary Visual Cortex}, ISBN={9781461501114}, url={http://dx.doi.org/10.1007/978-1-4615-0111-4_7}, DOI={10.1007/978-1-4615-0111-4_7}, booktitle={Visual Attention Mechanisms}, publisher={Springer US}, author={Li, Zhaoping}, year={2002}, pages={69–78} }


 @article{Price_2020, title={Attention reinforces human corticofugal system to aid speech perception in noise}, url={http://dx.doi.org/10.1101/2020.10.22.351494}, DOI={10.1101/2020.10.22.351494}, publisher={Cold Spring Harbor Laboratory}, author={Price, Caitlin N. and Bidelman, Gavin M.}, year={2020}, month=oct }


 @article{Rao_1999, title={Predictive coding in the visual cortex: a functional interpretation of some extra-classical receptive-field effects}, volume={2}, ISSN={1546-1726}, url={http://dx.doi.org/10.1038/4580}, DOI={10.1038/4580}, number={1}, journal={Nature Neuroscience}, publisher={Springer Science and Business Media LLC}, author={Rao, Rajesh P. N. and Ballard, Dana H.}, year={1999}, month=jan, pages={79–87} }


 @article{Patel_2018, title={Attentional Modulation of Macaque Visual Processing Areas}, url={http://dx.doi.org/10.1101/345439}, DOI={10.1101/345439}, publisher={Cold Spring Harbor Laboratory}, author={Patel, Gaurav H. and Snyder, Lawrence H. and Corbetta, Maurizio}, year={2018}, month=jun }


 @article{Reynolds_1999, title={Competitive Mechanisms Subserve Attention in Macaque Areas V2 and V4}, volume={19}, ISSN={1529-2401}, url={http://dx.doi.org/10.1523/jneurosci.19-05-01736.1999}, DOI={10.1523/jneurosci.19-05-01736.1999}, number={5}, journal={The Journal of Neuroscience}, publisher={Society for Neuroscience}, author={Reynolds, John H. and Chelazzi, Leonardo and Desimone, Robert}, year={1999}, month=mar, pages={1736–1753} }


 @article{R_nnberg_2008, title={Cognition counts: A working memory system for ease of language understanding (ELU)}, volume={47}, ISSN={1708-8186}, url={http://dx.doi.org/10.1080/14992020802301167}, DOI={10.1080/14992020802301167}, number={sup2}, journal={International Journal of Audiology}, publisher={Informa UK Limited}, author={Rönnberg, Jerker and Rudner, Mary and Foo, Catharina and Lunner, Thomas}, year={2008}, month=jan, pages={S99–S105} }


 @article{Russo_2005, title={Auditory training improves neural timing in the human brainstem}, volume={156}, ISSN={0166-4328}, url={http://dx.doi.org/10.1016/j.bbr.2004.05.012}, DOI={10.1016/j.bbr.2004.05.012}, number={1}, journal={Behavioural Brain Research}, publisher={Elsevier BV}, author={Russo, Nicole M. and Nicol, Trent G. and Zecker, Steven G. and Hayes, Erin A. and Kraus, Nina}, year={2005}, month=jan, pages={95–103} }


 @article{SCHLAUG_2001, title={The Brain of Musicians: A Model for Functional and Structural Adaptation}, volume={930}, ISSN={1749-6632}, url={http://dx.doi.org/10.1111/j.1749-6632.2001.tb05739.x}, DOI={10.1111/j.1749-6632.2001.tb05739.x}, number={1}, journal={Annals of the New York Academy of Sciences}, publisher={Wiley}, author={SCHLAUG, GOTTFRIED}, year={2001}, month=jun, pages={281–299} }


 @article{Schroeder_2009, title={Low-frequency neuronal oscillations as instruments of sensory selection}, volume={32}, ISSN={0166-2236}, url={http://dx.doi.org/10.1016/j.tins.2008.09.012}, DOI={10.1016/j.tins.2008.09.012}, number={1}, journal={Trends in Neurosciences}, publisher={Elsevier BV}, author={Schroeder, Charles E. and Lakatos, Peter}, year={2009}, month=jan, pages={9–18} }


 @article{Sch_ller_2023, title={Attentional modulation of the cortical contribution to the frequency-following response evoked by continuous speech}, url={http://dx.doi.org/10.1101/2023.07.03.547608}, DOI={10.1101/2023.07.03.547608}, publisher={Cold Spring Harbor Laboratory}, author={Schüller, Alina and Schilling, Achim and Krauss, Patrick and Rampp, Stefan and Reichenbach, Tobias}, year={2023}, month=jul }


 @article{Schwartz_2017, title={Focal Suppression of Distractor Sounds by Selective Attention in Auditory Cortex}, volume={28}, ISSN={1460-2199}, url={http://dx.doi.org/10.1093/cercor/bhx288}, DOI={10.1093/cercor/bhx288}, number={1}, journal={Cerebral Cortex}, publisher={Oxford University Press (OUP)}, author={Schwartz, Zachary P and David, Stephen V}, year={2017}, month=nov, pages={323–339} }


 @article{Shamma_2014, title={Adaptive auditory computations}, volume={25}, ISSN={0959-4388}, url={http://dx.doi.org/10.1016/j.conb.2014.01.011}, DOI={10.1016/j.conb.2014.01.011}, journal={Current Opinion in Neurobiology}, publisher={Elsevier BV}, author={Shamma, Shihab and Fritz, Jonathan}, year={2014}, month=apr, pages={164–168} }


 @article{Turatto_2005, title={Crossmodal object-based attention: Auditory objects affect visual processing}, volume={96}, ISSN={0010-0277}, url={http://dx.doi.org/10.1016/j.cognition.2004.12.001}, DOI={10.1016/j.cognition.2004.12.001}, number={2}, journal={Cognition}, publisher={Elsevier BV}, author={Turatto, Massimo and Mazza, Veronica and Umiltà, Carlo}, year={2005}, month=jun, pages={B55–B64} }


 @article{Skoe_2010, title={Auditory Brain Stem Response to Complex Sounds: A Tutorial}, volume={31}, ISSN={0196-0202}, url={http://dx.doi.org/10.1097/aud.0b013e3181cdb272}, DOI={10.1097/aud.0b013e3181cdb272}, number={3}, journal={Ear &amp; Hearing}, publisher={Ovid Technologies (Wolters Kluwer Health)}, author={Skoe, Erika and Kraus, Nina}, year={2010}, month=jun, pages={302–324} }


 @article{Skoe_2017, title={Basic neural processing of sound in adults is influenced by bilingual experience}, volume={349}, ISSN={0306-4522}, url={http://dx.doi.org/10.1016/j.neuroscience.2017.02.049}, DOI={10.1016/j.neuroscience.2017.02.049}, journal={Neuroscience}, publisher={Elsevier BV}, author={Skoe, Erika and Burakiewicz, Emily and Figueiredo, Michael and Hardin, Margaret}, year={2017}, month=may, pages={278–290} }


 @article{Snyder_2007, title={Toward a neurophysiological theory of auditory stream segregation.}, volume={133}, ISSN={0033-2909}, url={http://dx.doi.org/10.1037/0033-2909.133.5.780}, DOI={10.1037/0033-2909.133.5.780}, number={5}, journal={Psychological Bulletin}, publisher={American Psychological Association (APA)}, author={Snyder, Joel S. and Alain, Claude}, year={2007}, pages={780–799} }


 @article{Sommer_1999, title={Covert signs of expectancy in serial reaction time tasks revealed by event-related potentials}, volume={61}, ISSN={1532-5962}, url={http://dx.doi.org/10.3758/bf03206892}, DOI={10.3758/bf03206892}, number={2}, journal={Perception &amp; Psychophysics}, publisher={Springer Science and Business Media LLC}, author={Sommer, Werner and Leuthold, Hartmut and Soetens, Eric}, year={1999}, month=jan, pages={342–353} }


 @article{Song_2008, title={Plasticity in the Adult Human Auditory Brainstem following Short-term Linguistic Training}, volume={20}, ISSN={1530-8898}, url={http://dx.doi.org/10.1162/jocn.2008.20131}, DOI={10.1162/jocn.2008.20131}, number={10}, journal={Journal of Cognitive Neuroscience}, publisher={MIT Press - Journals}, author={Song, Judy H. and Skoe, Erika and Wong, Patrick C. M. and Kraus, Nina}, year={2008}, month=oct, pages={1892–1902} }


 @article{Strait_2009, title={Musical experience and neural efficiency – effects of training on subcortical processing of vocal expressions of emotion}, volume={29}, ISSN={1460-9568}, url={http://dx.doi.org/10.1111/j.1460-9568.2009.06617.x}, DOI={10.1111/j.1460-9568.2009.06617.x}, number={3}, journal={European Journal of Neuroscience}, publisher={Wiley}, author={Strait, Dana L. and Kraus, Nina and Skoe, Erika and Ashley, Richard}, year={2009}, month=feb, pages={661–668} }


 @article{Strait_2013, title={Musicians’ Enhanced Neural Differentiation of Speech Sounds Arises Early in Life: Developmental Evidence from Ages 3 to 30}, volume={24}, ISSN={1460-2199}, url={http://dx.doi.org/10.1093/cercor/bht103}, DOI={10.1093/cercor/bht103}, number={9}, journal={Cerebral Cortex}, publisher={Oxford University Press (OUP)}, author={Strait, D. L. and O’Connell, S. and Parbery-Clark, A. and Kraus, N.}, year={2013}, month=apr, pages={2512–2521} }


 @article{Suga_2002, title={Plasticity and Corticofugal Modulation for Hearing in Adult Animals}, volume={36}, ISSN={0896-6273}, url={http://dx.doi.org/10.1016/s0896-6273(02)00933-9}, DOI={10.1016/s0896-6273(02)00933-9}, number={1}, journal={Neuron}, publisher={Elsevier BV}, author={Suga, Nobuo and Xiao, Zhongju and Ma, Xiaofeng and Ji, Weiqing}, year={2002}, month=sep, pages={9–18} }


 @article{Christopher_2011, title={Expectation and attention in visual cognition: neural and computational approaches.}, volume={5}, ISSN={1662-5161}, url={http://dx.doi.org/10.3389/conf.fnhum.2011.207.00036}, DOI={10.3389/conf.fnhum.2011.207.00036}, journal={Frontiers in Human Neuroscience}, publisher={Frontiers Media SA}, author={Christopher, Summerfield}, year={2011} }


 @article{Sutton_1965, title={Evoked-Potential Correlates of Stimulus Uncertainty}, volume={150}, ISSN={1095-9203}, url={http://dx.doi.org/10.1126/science.150.3700.1187}, DOI={10.1126/science.150.3700.1187}, number={3700}, journal={Science}, publisher={American Association for the Advancement of Science (AAAS)}, author={Sutton, Samuel and Braren, Margery and Zubin, Joseph and John, E. R.}, year={1965}, month=nov, pages={1187–1188} }


 @article{Tichko_2017, title={Frequency-dependent fine structure in the frequency-following response: The byproduct of multiple generators}, volume={348}, ISSN={0378-5955}, url={http://dx.doi.org/10.1016/j.heares.2017.01.014}, DOI={10.1016/j.heares.2017.01.014}, journal={Hearing Research}, publisher={Elsevier BV}, author={Tichko, Parker and Skoe, Erika}, year={2017}, month=may, pages={1–15} }


 @article{Tierney_2013, title={High school music classes enhance the neural processing of speech}, volume={4}, ISSN={1664-1078}, url={http://dx.doi.org/10.3389/fpsyg.2013.00855}, DOI={10.3389/fpsyg.2013.00855}, journal={Frontiers in Psychology}, publisher={Frontiers Media SA}, author={Tierney, Adam and Krizman, Jennifer and Skoe, Erika and Johnston, Kathleen and Kraus, Nina}, year={2013} }


 @article{Tierney_2015, title={Music training alters the course of adolescent auditory development}, volume={112}, ISSN={1091-6490}, url={http://dx.doi.org/10.1073/pnas.1505114112}, DOI={10.1073/pnas.1505114112}, number={32}, journal={Proceedings of the National Academy of Sciences}, publisher={Proceedings of the National Academy of Sciences}, author={Tierney, Adam T. and Krizman, Jennifer and Kraus, Nina}, year={2015}, month=jul, pages={10062–10067} }


 @article{Todorovic_2011, title={Prior Expectation Mediates Neural Adaptation to Repeated Sounds in the Auditory Cortex: An MEG Study}, volume={31}, ISSN={1529-2401}, url={http://dx.doi.org/10.1523/jneurosci.1425-11.2011}, DOI={10.1523/jneurosci.1425-11.2011}, number={25}, journal={Journal of Neuroscience}, publisher={Society for Neuroscience}, author={Todorovic, A. and van Ede, F. and Maris, E. and de Lange, F. P.}, year={2011}, month=jun, pages={9118–9123} }


 @article{Treue_1999, title={Feature-based attention influences motion processing gain in macaque visual cortex}, volume={399}, ISSN={1476-4687}, url={http://dx.doi.org/10.1038/21176}, DOI={10.1038/21176}, number={6736}, journal={Nature}, publisher={Springer Science and Business Media LLC}, author={Treue, Stefan and Trujillo, Julio C. Martínez}, year={1999}, month=jun, pages={575–579} }


 @article{Tzounopoulos_2009, title={Learning to Encode Timing: Mechanisms of Plasticity in the Auditory Brainstem}, volume={62}, ISSN={0896-6273}, url={http://dx.doi.org/10.1016/j.neuron.2009.05.002}, DOI={10.1016/j.neuron.2009.05.002}, number={4}, journal={Neuron}, publisher={Elsevier BV}, author={Tzounopoulos, Thanos and Kraus, Nina}, year={2009}, month=may, pages={463–469} }


 @misc{Schaffer_2015, title={Faculty Opinions recommendation of Microbial species delineation using whole genome sequences.}, url={http://dx.doi.org/10.3410/f.725620247.793508999}, DOI={10.3410/f.725620247.793508999}, journal={Faculty Opinions – Post-Publication Peer Review of the Biomedical Literature}, publisher={H1 Connect}, author={Schaffer, Alejandro}, year={2015}, month=aug }


 @article{Volosin_2020, title={Task difficulty modulates voluntary attention allocation, but not distraction in an auditory distraction paradigm}, volume={1727}, ISSN={0006-8993}, url={http://dx.doi.org/10.1016/j.brainres.2019.146565}, DOI={10.1016/j.brainres.2019.146565}, journal={Brain Research}, publisher={Elsevier BV}, author={Volosin, Márta and Horváth, János}, year={2020}, month=jan, pages={146565} }


 @article{Wang_2008, title={Neural coding of temporal information in auditory thalamus and cortex}, volume={157}, ISSN={0306-4522}, url={http://dx.doi.org/10.1016/j.neuroscience.2008.07.050}, DOI={10.1016/j.neuroscience.2008.07.050}, number={2}, journal={Neuroscience}, publisher={Elsevier BV}, author={Wang, X. and Lu, T. and Bendor, D. and Bartlett, E.}, year={2008}, month=nov, pages={484–493} }


 @article{Winn_2015, title={The Impact of Auditory Spectral Resolution on Listening Effort Revealed by Pupil Dilation}, volume={36}, ISSN={0196-0202}, url={http://dx.doi.org/10.1097/aud.0000000000000145}, DOI={10.1097/aud.0000000000000145}, number={4}, journal={Ear &amp; Hearing}, publisher={Ovid Technologies (Wolters Kluwer Health)}, author={Winn, Matthew B. and Edwards, Jan R. and Litovsky, Ruth Y.}, year={2015}, month=jul, pages={e153–e165} }


 @article{Woldorff_1991, title={Modulation of early auditory processing during selective listening to rapidly presented tones}, volume={79}, ISSN={0013-4694}, url={http://dx.doi.org/10.1016/0013-4694(91)90136-r}, DOI={10.1016/0013-4694(91)90136-r}, number={3}, journal={Electroencephalography and Clinical Neurophysiology}, publisher={Elsevier BV}, author={Woldorff, Marty G. and Hillyard, Steven A.}, year={1991}, month=sep, pages={170–191} }


 @article{Wong_2007, title={Musical experience shapes human brainstem encoding of linguistic pitch patterns}, volume={10}, ISSN={1546-1726}, url={http://dx.doi.org/10.1038/nn1872}, DOI={10.1038/nn1872}, number={4}, journal={Nature Neuroscience}, publisher={Springer Science and Business Media LLC}, author={Wong, Patrick C M and Skoe, Erika and Russo, Nicole M and Dees, Tasha and Kraus, Nina}, year={2007}, month=mar, pages={420–422} }


 @article{Woods_2001, title={Location and frequency cues in auditory selective attention.}, volume={27}, ISSN={0096-1523}, url={http://dx.doi.org/10.1037/0096-1523.27.1.65}, DOI={10.1037/0096-1523.27.1.65}, number={1}, journal={Journal of Experimental Psychology: Human Perception and Performance}, publisher={American Psychological Association (APA)}, author={Woods, David L. and Alain, Claude and Diaz, Rodney and Rhodes, Dell and Ogawa, Keith H.}, year={2001}, pages={65–74} }


 @article{Zatorre_2004, title={Sensitivity to Auditory Object Features in Human Temporal Neocortex}, volume={24}, ISSN={1529-2401}, url={http://dx.doi.org/10.1523/jneurosci.5458-03.2004}, DOI={10.1523/jneurosci.5458-03.2004}, number={14}, journal={The Journal of Neuroscience}, publisher={Society for Neuroscience}, author={Zatorre, Robert J. and Bouffard, Marc and Belin, Pascal}, year={2004}, month=apr, pages={3637–3642} }


 @article{Zatorre_2002, title={Structure and function of auditory cortex: music and speech}, volume={6}, ISSN={1364-6613}, url={http://dx.doi.org/10.1016/s1364-6613(00)01816-7}, DOI={10.1016/s1364-6613(00)01816-7}, number={1}, journal={Trends in Cognitive Sciences}, publisher={Elsevier BV}, author={Zatorre, Robert J. and Belin, Pascal and Penhune, Virginia B.}, year={2002}, month=jan, pages={37–46} }


 @article{Zatorre_2012, title={Modulation of Auditory Cortex Response to Pitch Variation Following Training with Microtonal Melodies}, volume={3}, ISSN={1664-1078}, url={http://dx.doi.org/10.3389/fpsyg.2012.00544}, DOI={10.3389/fpsyg.2012.00544}, journal={Frontiers in Psychology}, publisher={Frontiers Media SA}, author={Zatorre, Robert J. and Delhommeau, Karine and Zarate, Jean Mary}, year={2012} }


 @article{Zhang_2020, title={Disentangling listening effort and memory load beyond behavioural evidence: Pupillary response to listening effort during a concurrent memory task}, url={http://dx.doi.org/10.1101/2020.05.04.076588}, DOI={10.1101/2020.05.04.076588}, publisher={Cold Spring Harbor Laboratory}, author={Zhang, Yue and Lehmann, Alexandre and Deroche, Mickael}, year={2020}, month=may }


 @article{Zhu_2013, title={A comparison of spectral magnitude and phase-locking value analyses of the frequency-following response to complex tones}, volume={134}, ISSN={1520-8524}, url={http://dx.doi.org/10.1121/1.4807498}, DOI={10.1121/1.4807498}, number={1}, journal={The Journal of the Acoustical Society of America}, publisher={Acoustical Society of America (ASA)}, author={Zhu, Li and Bharadwaj, Hari and Xia, Jing and Shinn-Cunningham, Barbara}, year={2013}, month=jul, pages={384–395} }


@article{Omote_2017,
  title={Successful non-native speech perception is linked to frequency following response phase consistency},
  author={Omote, Akihiro and Jasmin, Kyle and Tierney, Adam},
  journal={cortex},
  volume={93},
  pages={146--154},
  year={2017},
  publisher={Elsevier}
}


@article{Skoe_2017,
  title={Basic neural processing of sound in adults is influenced by bilingual experience},
  author={Skoe, Erika and Burakiewicz, Emily and Figueiredo, Michael and Hardin, Margaret},
  journal={Neuroscience},
  volume={349},
  pages={278--290},
  year={2017},
  publisher={Elsevier}
}


@article{Varghese_2015,
  title={Evidence against attentional state modulating scalp-recorded auditory brainstem steady-state responses},
  author={Varghese, Leonard and Bharadwaj, Hari M and Shinn-Cunningham, Barbara G},
  journal={Brain research},
  volume={1626},
  pages={146--164},
  year={2015},
  publisher={Elsevier}
}


@article{Friston_2005,
  title={A theory of cortical responses},
  author={Friston, Karl},
  journal={Philosophical transactions of the Royal Society B: Biological sciences},
  volume={360},
  number={1456},
  pages={815--836},
  year={2005},
  publisher={The Royal Society London}
}

@book{Luck_2014,
  title={An introduction to the event-related potential technique},
  author={Luck, Steven J},
  year={2014},
  publisher={MIT press}
}

@article{Mitzdorf_1985,
  title={Current source-density method and application in cat cerebral cortex: investigation of evoked potentials and EEG phenomena},
  author={Mitzdorf, Ulla},
  journal={Physiological reviews},
  volume={65},
  number={1},
  pages={37--100},
  year={1985},
  publisher={American Physiological Society Bethesda, MD}
}

@article{Luck_Hillyard_1994,
  title={Electrophysiological correlates of feature analysis during visual search},
  author={Luck, Steven J and Hillyard, Steven A},
  journal={Psychophysiology},
  volume={31},
  number={3},
  pages={291-308},
  year={1994},
  publisher={Wiley Online Library}
}

@article{Naatanen_Winkler_1999,
  title={The concept of auditory stimulus representation in cognitive neuroscience.},
  author={N{\"a}{\"a}t{\"a}nen, Risto and Winkler, Istv{\'a}n},
  journal={Psychological bulletin},
  volume={125},
  number={6},
  pages={826},
  year={1999},
  publisher={American Psychological Association}
}

@article{Hartmann_Weisz_2019,
  title={Auditory cortical generators of the frequency following response are modulated by intermodal attention},
  author={Hartmann, Thomas and Weisz, Nathan},
  journal={bioRxiv},
  pages={633834},
  year={2019},
  publisher={Cold Spring Harbor Laboratory}
}

@article{Luthra_2024,
  title={Systematic changes in neural selectivity reflect the acquired salience of category-diagnostic dimensions},
  author={Luthra, Sahil and Razin, Raha N and Tierney, Adam T and Holt, Lori L and Dick, Frederic},
  journal={bioRxiv},
  year={2024}
}

@article{Forte_2017,
  title={The human auditory brainstem response to running speech reveals a subcortical mechanism for selective attention},
  author={Forte, Antonio Elia and Etard, Octave and Reichenbach, Tobias},
  journal={elife},
  volume={6},
  pages={e27203},
  year={2017},
  publisher={eLife Sciences Publications, Ltd}
}
